<?xml version="1.0" encoding="UTF-8"?>
<collection xmlns:xsi="http://www.w3.org/2001/XMLSchema-instance" xsi:schemaLocation="http://www.loc.gov/MARC21/slim http://www.loc.gov/standards/marcxml/schema/MARC21slim.xsd" xmlns="http://www.loc.gov/MARC21/slim">
<record>
  <leader>00958mam a2200253 a 4500</leader>
  <controlfield tag="001">3233727</controlfield>
  <controlfield tag="003">NNC</controlfield>
  <controlfield tag="005">20130426153132.0</controlfield>
  <controlfield tag="008">860612m18961898le       b    000 0 ara d</controlfield>
  <datafield tag="035" ind1=" " ind2=" ">
    <subfield code="a">(OCoLC)ocm18918989</subfield>
  </datafield>
  <datafield tag="035" ind1=" " ind2=" ">
    <subfield code="9">AUK6102CU</subfield>
  </datafield>
  <datafield tag="035" ind1=" " ind2=" ">
    <subfield code="a">(NNC)3233727</subfield>
  </datafield>
  <datafield tag="040" ind1=" " ind2=" ">
    <subfield code="a">UBY</subfield>
    <subfield code="c">UBY</subfield>
  </datafield>
  <datafield tag="041" ind1="0" ind2=" ">
    <subfield code="a">arafre</subfield>
  </datafield>
  <datafield tag="100" ind1="0" ind2=" ">
    <subfield code="a">Ibn al-Sikkīt,</subfield>
    <subfield code="d">-857 or 858.</subfield>
  </datafield>
  <datafield tag="245" ind1="1" ind2="3">
    <subfield code="a">La critique du langage /</subfield>
    <subfield code="b">par Ibn as-Sikkit ; avec les commentaires du Cheikh Abou-Yahia Zakariah at-Tibrizi ; suivis de notes critiques et de tables par Louis Cheikho.</subfield>
  </datafield>
  <datafield tag="260" ind1=" " ind2=" ">
    <subfield code="a">Beyrouth :</subfield>
    <subfield code="b">Imprimerie catholique,</subfield>
    <subfield code="c">1896-1898.</subfield>
  </datafield>
  <datafield tag="300" ind1=" " ind2=" ">
    <subfield code="a">lv, 940 p. ;</subfield>
    <subfield code="c">25 cm.</subfield>
  </datafield>
  <datafield tag="500" ind1=" " ind2=" ">
    <subfield code="a">Added t. p. in Arabic: Kunz al-ḥafāz fī kitāb tahdhib al-alfāz.</subfield>
  </datafield>
  <datafield tag="500" ind1=" " ind2=" ">
    <subfield code="a">Arabic t. p. has imprint date: 1895.</subfield>
  </datafield>
  <datafield tag="504" ind1=" " ind2=" ">
    <subfield code="a">Includes bibliographical references.</subfield>
  </datafield>
  <datafield tag="650" ind1=" " ind2="0">
    <subfield code="a">Arabic philology.</subfield>
  </datafield>
  <datafield tag="650" ind1=" " ind2="0">
    <subfield code="a">Arabic language</subfield>
    <subfield code="x">History.</subfield>
  </datafield>
  <datafield tag="740" ind1="0" ind2="1">
    <subfield code="a">Kunz al-ḥafāz fī kitāb tahdhib al-alfāz.</subfield>
  </datafield>
  <datafield tag="955" ind1=" " ind2=" ">
    <subfield code="b">CU58972358</subfield>
    <subfield code="d">off,glx</subfield>
    <subfield code="e">893.73 Ib3</subfield>
  </datafield>
</record>
</collection>